<?xml version="1.0" encoding="UTF-8"?><record xmlns="http://www.loc.gov/MARC21/slim" xmlns:cinclude="http://apache.org/cocoon/include/1.0" xmlns:zs="http://www.loc.gov/zing/srw/">
  <leader>00585cz  a2200169n  4500</leader>
  <controlfield tag="001">n 2007038986</controlfield>
  <controlfield tag="003">DLC</controlfield>
  <controlfield tag="005">20130323083810.0</controlfield>
  <controlfield tag="008">070601n| azannaabn          |a aaa      </controlfield>
  <datafield tag="010" ind1=" " ind2=" ">
    <subfield code="a">n 2007038986</subfield>
  </datafield>
  <datafield tag="040" ind1=" " ind2=" ">
    <subfield code="a">DLC</subfield>
    <subfield code="b">eng</subfield>
    <subfield code="e">rda</subfield>
    <subfield code="c">DLC</subfield>
    <subfield code="d">DLC</subfield>
  </datafield>
  <datafield tag="046" ind1=" " ind2=" ">
    <subfield code="f">1840</subfield>
  </datafield>
  <datafield tag="100" ind1="1" ind2=" ">
    <subfield code="a">Loebe, Victor Julius,</subfield>
    <subfield code="d">1840-</subfield>
  </datafield>
  <datafield tag="400" ind1="1" ind2=" ">
    <subfield code="a">Loebe, Victor Iulius,</subfield>
    <subfield code="d">1840-</subfield>
  </datafield>
  <datafield tag="400" ind1="1" ind2=" ">
    <subfield code="w">nnea</subfield>
    <subfield code="a">Loebe, Victor Julius,</subfield>
    <subfield code="d">b. 1840</subfield>
  </datafield>
  <datafield tag="670" ind1=" " ind2=" ">
    <subfield code="a">Loebe, Victor Julius. De elocutione Arati Solensis poetae, 1864:</subfield>
    <subfield code="b">t.p. (Victor Iulius Loebe) vita (b. July 26, 1840, Altenburg)</subfield>
  </datafield>
  <datafield tag="670" ind1=" " ind2=" ">
    <subfield code="a">NUC pre-1956</subfield>
    <subfield code="b">(hdg.: Loebe, Victor Julius)</subfield>
  </datafield>
</record>